%YAML 1.1
%TAG !u! tag:unity3d.com,2011:
--- !u!1 &7622780817786034972
GameObject:
  m_ObjectHideFlags: 0
  m_CorrespondingSourceObject: {fileID: 0}
  m_PrefabInstance: {fileID: 0}
  m_PrefabAsset: {fileID: 0}
  serializedVersion: 6
  m_Component:
  - component: {fileID: 7622780817786034970}
  - component: {fileID: 7622780817786034973}
  - component: {fileID: 7622780817786034971}
  - component: {fileID: 8879196364780961518}
  - component: {fileID: 7418452637917661109}
  - component: {fileID: 1951674169738211821}
  - component: {fileID: 227086197738491333}
  - component: {fileID: 1353072031561636437}
  - component: {fileID: 3713752056407668023}
  - component: {fileID: 8452701524612861854}
  m_Layer: 10
  m_Name: Boss
  m_TagString: Enemy
  m_Icon: {fileID: 0}
  m_NavMeshLayer: 0
  m_StaticEditorFlags: 0
  m_IsActive: 1
--- !u!4 &7622780817786034970
Transform:
  m_ObjectHideFlags: 0
  m_CorrespondingSourceObject: {fileID: 0}
  m_PrefabInstance: {fileID: 0}
  m_PrefabAsset: {fileID: 0}
  m_GameObject: {fileID: 7622780817786034972}
  m_LocalRotation: {x: 0, y: 0, z: 0, w: 1}
  m_LocalPosition: {x: 0, y: 0, z: 0}
  m_LocalScale: {x: 1, y: 1, z: 1}
  m_ConstrainProportionsScale: 0
  m_Children:
  - {fileID: 3432185768486135252}
  m_Father: {fileID: 0}
  m_RootOrder: 0
  m_LocalEulerAnglesHint: {x: 0, y: 0, z: 0}
--- !u!212 &7622780817786034973
SpriteRenderer:
  m_ObjectHideFlags: 0
  m_CorrespondingSourceObject: {fileID: 0}
  m_PrefabInstance: {fileID: 0}
  m_PrefabAsset: {fileID: 0}
  m_GameObject: {fileID: 7622780817786034972}
  m_Enabled: 1
  m_CastShadows: 0
  m_ReceiveShadows: 0
  m_DynamicOccludee: 1
  m_StaticShadowCaster: 0
  m_MotionVectors: 1
  m_LightProbeUsage: 1
  m_ReflectionProbeUsage: 1
  m_RayTracingMode: 0
  m_RayTraceProcedural: 0
  m_RenderingLayerMask: 1
  m_RendererPriority: 0
  m_Materials:
  - {fileID: 10754, guid: 0000000000000000f000000000000000, type: 0}
  m_StaticBatchInfo:
    firstSubMesh: 0
    subMeshCount: 0
  m_StaticBatchRoot: {fileID: 0}
  m_ProbeAnchor: {fileID: 0}
  m_LightProbeVolumeOverride: {fileID: 0}
  m_ScaleInLightmap: 1
  m_ReceiveGI: 1
  m_PreserveUVs: 0
  m_IgnoreNormalsForChartDetection: 0
  m_ImportantGI: 0
  m_StitchLightmapSeams: 1
  m_SelectedEditorRenderState: 0
  m_MinimumChartSize: 4
  m_AutoUVMaxDistance: 0.5
  m_AutoUVMaxAngle: 89
  m_LightmapParameters: {fileID: 0}
  m_SortingLayerID: 119556889
  m_SortingLayer: 5
  m_SortingOrder: 0
  m_Sprite: {fileID: -2112506242, guid: 36409e548d8bf4d68a74efb5dc2170d9, type: 3}
  m_Color: {r: 1, g: 1, b: 1, a: 1}
  m_FlipX: 0
  m_FlipY: 0
  m_DrawMode: 0
  m_Size: {x: 1.5999999, y: 1.280692}
  m_AdaptiveModeThreshold: 0.5
  m_SpriteTileMode: 0
  m_WasSpriteAssigned: 1
  m_MaskInteraction: 0
  m_SpriteSortPoint: 0
--- !u!95 &7622780817786034971
Animator:
  serializedVersion: 5
  m_ObjectHideFlags: 0
  m_CorrespondingSourceObject: {fileID: 0}
  m_PrefabInstance: {fileID: 0}
  m_PrefabAsset: {fileID: 0}
  m_GameObject: {fileID: 7622780817786034972}
  m_Enabled: 1
  m_Avatar: {fileID: 0}
  m_Controller: {fileID: 9100000, guid: 406915adec1834f60a5564340e01334a, type: 2}
  m_CullingMode: 0
  m_UpdateMode: 0
  m_ApplyRootMotion: 0
  m_LinearVelocityBlending: 0
  m_StabilizeFeet: 0
  m_WarningMessage: 
  m_HasTransformHierarchy: 1
  m_AllowConstantClipSamplingOptimization: 1
  m_KeepAnimatorStateOnDisable: 0
  m_WriteDefaultValuesOnDisable: 0
--- !u!70 &8879196364780961518
CapsuleCollider2D:
  m_ObjectHideFlags: 0
  m_CorrespondingSourceObject: {fileID: 0}
  m_PrefabInstance: {fileID: 0}
  m_PrefabAsset: {fileID: 0}
  m_GameObject: {fileID: 7622780817786034972}
  m_Enabled: 1
  m_Density: 1
  m_Material: {fileID: 0}
  m_IsTrigger: 1
  m_UsedByEffector: 0
  m_UsedByComposite: 0
  m_Offset: {x: 0, y: 0.36}
  m_Size: {x: 0.34, y: 0.66}
  m_Direction: 0
--- !u!114 &7418452637917661109
MonoBehaviour:
  m_ObjectHideFlags: 0
  m_CorrespondingSourceObject: {fileID: 0}
  m_PrefabInstance: {fileID: 0}
  m_PrefabAsset: {fileID: 0}
  m_GameObject: {fileID: 7622780817786034972}
  m_Enabled: 1
  m_EditorHideFlags: 0
  m_Script: {fileID: 11500000, guid: a2c7fc84ed1234200a93a38401fa2c0f, type: 3}
  m_Name: 
  m_EditorClassIdentifier: 
  maxHP: 500
  hpBarController: {fileID: 3432185768144730806}
  guiController: {fileID: 0}
--- !u!114 &1951674169738211821
MonoBehaviour:
  m_ObjectHideFlags: 0
  m_CorrespondingSourceObject: {fileID: 0}
  m_PrefabInstance: {fileID: 0}
  m_PrefabAsset: {fileID: 0}
  m_GameObject: {fileID: 7622780817786034972}
  m_Enabled: 1
  m_EditorHideFlags: 0
  m_Script: {fileID: 11500000, guid: 4f3d1b7f9ca98412faeaeb9df89400bb, type: 3}
  m_Name: 
  m_EditorClassIdentifier: 
--- !u!114 &227086197738491333
MonoBehaviour:
  m_ObjectHideFlags: 0
  m_CorrespondingSourceObject: {fileID: 0}
  m_PrefabInstance: {fileID: 0}
  m_PrefabAsset: {fileID: 0}
  m_GameObject: {fileID: 7622780817786034972}
  m_Enabled: 1
  m_EditorHideFlags: 0
  m_Script: {fileID: 11500000, guid: 759e38732715e495da45c46e0c26b699, type: 3}
  m_Name: 
  m_EditorClassIdentifier: 
--- !u!114 &1353072031561636437
MonoBehaviour:
  m_ObjectHideFlags: 0
  m_CorrespondingSourceObject: {fileID: 0}
  m_PrefabInstance: {fileID: 0}
  m_PrefabAsset: {fileID: 0}
  m_GameObject: {fileID: 7622780817786034972}
  m_Enabled: 1
  m_EditorHideFlags: 0
  m_Script: {fileID: 11500000, guid: 25f33517186fe42368b32eaca07a53b4, type: 3}
  m_Name: 
  m_EditorClassIdentifier: 
--- !u!114 &3713752056407668023
MonoBehaviour:
  m_ObjectHideFlags: 0
  m_CorrespondingSourceObject: {fileID: 0}
  m_PrefabInstance: {fileID: 0}
  m_PrefabAsset: {fileID: 0}
  m_GameObject: {fileID: 7622780817786034972}
  m_Enabled: 1
  m_EditorHideFlags: 0
  m_Script: {fileID: 11500000, guid: f17dcd41f6e4d4288946a05bcc41d458, type: 3}
  m_Name: 
  m_EditorClassIdentifier: 
  speed: 2
--- !u!114 &8452701524612861854
MonoBehaviour:
  m_ObjectHideFlags: 0
  m_CorrespondingSourceObject: {fileID: 0}
  m_PrefabInstance: {fileID: 0}
  m_PrefabAsset: {fileID: 0}
  m_GameObject: {fileID: 7622780817786034972}
  m_Enabled: 1
  m_EditorHideFlags: 0
  m_Script: {fileID: 11500000, guid: d1f42687644374b8d93903295cd2cfeb, type: 3}
  m_Name: 
  m_EditorClassIdentifier: 
  crystal: {fileID: 3503022603784629629, guid: 4f8b9b593ee224f03899241110970f2a, type: 3}
  lineOfFire: {fileID: 2602445395050110772, guid: 1c5b54350da55441fba4835546c79d89, type: 3}
  thunder: {fileID: 2804571210093613960, guid: 3686ad219e934418eb0d64979ef03fc3, type: 3}
  heroTransform: {fileID: 0}
--- !u!1001 &9178667086579411481
PrefabInstance:
  m_ObjectHideFlags: 0
  serializedVersion: 2
  m_Modification:
    m_TransformParent: {fileID: 7622780817786034970}
    m_Modifications:
    - target: {fileID: 5818861619624988621, guid: 06f34bacc469a4f7da46bb583f520dbc, type: 3}
      propertyPath: m_Pivot.x
      value: 0.5
      objectReference: {fileID: 0}
    - target: {fileID: 5818861619624988621, guid: 06f34bacc469a4f7da46bb583f520dbc, type: 3}
      propertyPath: m_Pivot.y
      value: 0.5
      objectReference: {fileID: 0}
    - target: {fileID: 5818861619624988621, guid: 06f34bacc469a4f7da46bb583f520dbc, type: 3}
      propertyPath: m_RootOrder
      value: 0
      objectReference: {fileID: 0}
    - target: {fileID: 5818861619624988621, guid: 06f34bacc469a4f7da46bb583f520dbc, type: 3}
      propertyPath: m_AnchorMax.x
      value: 0
      objectReference: {fileID: 0}
    - target: {fileID: 5818861619624988621, guid: 06f34bacc469a4f7da46bb583f520dbc, type: 3}
      propertyPath: m_AnchorMax.y
      value: 0
      objectReference: {fileID: 0}
    - target: {fileID: 5818861619624988621, guid: 06f34bacc469a4f7da46bb583f520dbc, type: 3}
      propertyPath: m_AnchorMin.x
      value: 0
      objectReference: {fileID: 0}
    - target: {fileID: 5818861619624988621, guid: 06f34bacc469a4f7da46bb583f520dbc, type: 3}
      propertyPath: m_AnchorMin.y
      value: 0
      objectReference: {fileID: 0}
    - target: {fileID: 5818861619624988621, guid: 06f34bacc469a4f7da46bb583f520dbc, type: 3}
      propertyPath: m_SizeDelta.x
      value: 81.3139
      objectReference: {fileID: 0}
    - target: {fileID: 5818861619624988621, guid: 06f34bacc469a4f7da46bb583f520dbc, type: 3}
      propertyPath: m_SizeDelta.y
      value: 15
      objectReference: {fileID: 0}
    - target: {fileID: 5818861619624988621, guid: 06f34bacc469a4f7da46bb583f520dbc, type: 3}
      propertyPath: m_LocalPosition.x
      value: 0
      objectReference: {fileID: 0}
    - target: {fileID: 5818861619624988621, guid: 06f34bacc469a4f7da46bb583f520dbc, type: 3}
      propertyPath: m_LocalPosition.y
      value: 0
      objectReference: {fileID: 0}
    - target: {fileID: 5818861619624988621, guid: 06f34bacc469a4f7da46bb583f520dbc, type: 3}
      propertyPath: m_LocalPosition.z
      value: 0
      objectReference: {fileID: 0}
    - target: {fileID: 5818861619624988621, guid: 06f34bacc469a4f7da46bb583f520dbc, type: 3}
      propertyPath: m_LocalRotation.w
      value: 1
      objectReference: {fileID: 0}
    - target: {fileID: 5818861619624988621, guid: 06f34bacc469a4f7da46bb583f520dbc, type: 3}
      propertyPath: m_LocalRotation.x
      value: -0
      objectReference: {fileID: 0}
    - target: {fileID: 5818861619624988621, guid: 06f34bacc469a4f7da46bb583f520dbc, type: 3}
      propertyPath: m_LocalRotation.y
      value: -0
      objectReference: {fileID: 0}
    - target: {fileID: 5818861619624988621, guid: 06f34bacc469a4f7da46bb583f520dbc, type: 3}
      propertyPath: m_LocalRotation.z
      value: -0
      objectReference: {fileID: 0}
    - target: {fileID: 5818861619624988621, guid: 06f34bacc469a4f7da46bb583f520dbc, type: 3}
      propertyPath: m_AnchoredPosition.x
      value: 0
      objectReference: {fileID: 0}
    - target: {fileID: 5818861619624988621, guid: 06f34bacc469a4f7da46bb583f520dbc, type: 3}
      propertyPath: m_AnchoredPosition.y
      value: 1.1
      objectReference: {fileID: 0}
    - target: {fileID: 5818861619624988621, guid: 06f34bacc469a4f7da46bb583f520dbc, type: 3}
      propertyPath: m_LocalEulerAnglesHint.x
      value: 0
      objectReference: {fileID: 0}
    - target: {fileID: 5818861619624988621, guid: 06f34bacc469a4f7da46bb583f520dbc, type: 3}
      propertyPath: m_LocalEulerAnglesHint.y
      value: 0
      objectReference: {fileID: 0}
    - target: {fileID: 5818861619624988621, guid: 06f34bacc469a4f7da46bb583f520dbc, type: 3}
      propertyPath: m_LocalEulerAnglesHint.z
      value: 0
      objectReference: {fileID: 0}
    - target: {fileID: 5818861619624988626, guid: 06f34bacc469a4f7da46bb583f520dbc, type: 3}
      propertyPath: m_Name
      value: EnemyHPBarCanvas
      objectReference: {fileID: 0}
    - target: {fileID: 5818861620459954438, guid: 06f34bacc469a4f7da46bb583f520dbc, type: 3}
      propertyPath: m_AnchorMax.x
      value: 0
      objectReference: {fileID: 0}
    - target: {fileID: 5818861620459954438, guid: 06f34bacc469a4f7da46bb583f520dbc, type: 3}
      propertyPath: m_AnchorMax.y
      value: 0
      objectReference: {fileID: 0}
    m_RemovedComponents: []
  m_SourcePrefab: {fileID: 100100000, guid: 06f34bacc469a4f7da46bb583f520dbc, type: 3}
--- !u!114 &3432185768144730806 stripped
MonoBehaviour:
  m_CorrespondingSourceObject: {fileID: 5818861619413274799, guid: 06f34bacc469a4f7da46bb583f520dbc, type: 3}
  m_PrefabInstance: {fileID: 9178667086579411481}
  m_PrefabAsset: {fileID: 0}
  m_GameObject: {fileID: 0}
  m_Enabled: 1
  m_EditorHideFlags: 0
  m_Script: {fileID: 11500000, guid: 44d3bb4455447478a82aeabaecd6e89c, type: 3}
  m_Name: 
  m_EditorClassIdentifier: 
--- !u!224 &3432185768486135252 stripped
RectTransform:
  m_CorrespondingSourceObject: {fileID: 5818861619624988621, guid: 06f34bacc469a4f7da46bb583f520dbc, type: 3}
  m_PrefabInstance: {fileID: 9178667086579411481}
  m_PrefabAsset: {fileID: 0}
